@article{Penicka_2022,
	doi = {10.1109/lra.2022.3181755},
  
	year = 2022,
 
	month = jul,
  
	publisher = {Institute of Electrical and Electronics Engineers ({IEEE})},
  
	volume = {7},
  
	number = {3},
  
	pages = {7209--7216},
  
	author = {Robert Penicka and Yunlong Song and Elia Kaufmann and Davide Scaramuzza},
  
	title = {Learning Minimum-Time Flight in Cluttered Environments},
  
	journal = {{IEEE} Robotics and Automation Letters}
}


@article{Autonomic_Flights,
        author = {Antonio Loquercio  and Elia Kaufmann  and René Ranftl  and Matthias Müller  and Vladlen Koltun  and Davide Scaramuzza},
        
        title = {Learning high-speed flight in the wild},
        
        journal = {Science Robotics},
        
        volume = {6},
        
        number = {59},
        
        pages = {eabg5810},
        
        year = {2021},
        
        month = oct,
        
        doi = {10.1126/scirobotics.abg5810},
}


@article{Maneuverability_Agility_Exp,
        author = {Jon Verbeke and Joris De Schutter},
        title ={Experimental maneuverability and agility quantification for rotary unmanned aerial vehicle},
        journal = {International Journal of Micro Air Vehicles},
        volume = {10},
        number = {1},
        pages = {3-11},
        year = {2017},
        month = oct,
        doi = {10.1177/1756829317736204}
}

@article{Maneuverability_Agility_Art,
        author = {Evan Ackerman},
        title ={AI-Powered Drone Learns Extreme Acrobatics},
        journal = {{IEEE} Spectrum},
        year = {2020},
        month = oct,
        url = {https://spectrum.ieee.org/ai-powered-drone-extreme-acrobatics},
}

@article{Drone_Applications,
        author = {Juliane Hilf and Klaus Umbach},
        title = {The Commercial Use of Drones},
        pages = {65--71},
        volume = {16},
        number = {3},
        journal = {Computer Law Review International},
        doi = {doi:10.9785/cri-2015-0302},
        year = {2015},
        month = mar
}

@misc{flyonic,
        author = {Finn Süberkrüb},
        
        title = {Flyonic},
        
        url = {http://docu.flyonic.de},
}

@misc{videos,
        author = {Larissa Rickler},
        
        title = {Advanced Deep Learning for Robotic WS22/23},
        
        url = {https://www.youtube.com/playlist?list=PLfNlYts0db6vorCQ8P05cJyFHPT-STbDf},
}

@misc{office_environment,
        author = {Larissa Rickler},
        
        title = {Advanced Deep Learning for Robotic WS22/23},
        
        url = {https://youtu.be/TuyNiLsGyxo},
}


@article{Controller_benchmarking,
  author={Elia Kaufmann and Leonard Bauersfeld and Davide Scaramuzza},
  booktitle={2022 International Conference on Robotics and Automation (ICRA)}, 
  title={A Benchmark Comparison of Learned Control Policies for Agile Quadrotor Flight}, 
  year={2022},
  volume={},
  number={},
  pages={10504-10510},
  doi={10.1109/ICRA46639.2022.9811564}}